@article{rammstedt2007measuring,
  title={Measuring personality in one minute or less: A 10-item short version of the Big Five Inventory in English and German},
  author={Rammstedt, Beatrice and John, Oliver P},
  journal={Journal of research in Personality},
  volume={41},
  number={1},
  pages={203--212},
  year={2007},
  publisher={Elsevier}
}

@article{leonardi2013enterprise,
  title={Enterprise social media: Definition, history, and prospects for the study of social technologies in organizations},
  author={Leonardi, Paul M and Huysman, Marleen and Steinfield, Charles},
  journal={Journal of Computer-Mediated Communication},
  volume={19},
  number={1},
  pages={1--19},
  year={2013},
  publisher={Wiley Online Library}
}


@article{cross2001knowing,
  title={Knowing what we know:: Supporting knowledge creation and sharing in social networks},
  author={Cross, Rob and Parker, Andrew and Prusak, Laurence and Borgatti, Stephen P},
  journal={Organizational dynamics},
  volume={30},
  number={2},
  pages={100--120},
  year={2001},
  publisher={Pergamon}
}

@book{koch2009enterprise,
  title={Enterprise 2.0: Planung, Einf{\"u}hrung und erfolgreicher Einsatz von Social Software in Unternehmen},
  author={Koch, Michael and Richter, Alexander},
  year={2009},
  publisher={Oldenbourg Verlag}
}

@inproceedings{stocker2013exploring,
  title={Exploring factual and perceived use and benefits of a web 2.0-based knowledge management application: The siemens case references+},
  author={Stocker, Alexander and M{\"u}ller, Johannes},
  booktitle={Proceedings of the 13th International Conference on Knowledge Management and Knowledge Technologies},
  pages={18},
  year={2013},
  organization={ACM}
}

@inproceedings{dimicco2008motivations,
  title={Motivations for social networking at work},
  author={DiMicco, Joan and Millen, David R and Geyer, Werner and Dugan, Casey and Brownholtz, Beth and Muller, Michael},
  booktitle={Proceedings of the 2008 ACM conference on Computer supported cooperative work},
  pages={711--720},
  year={2008},
  organization={ACM}
}

@book{buck2002demographic,
  title={Demographic change in the world of work: opportunities for an innovative approach to work - a german point of view},
  author={Buck, Hartmut and Kistler, Ernst and Mendius, Hans Gerhard},
  year={2002},
  publisher={Fraunhofer-Gesellschaft zur F{\"o}rderung der angewandten Forschung eV}
}

@book{delong2004lost,
  title={Lost knowledge: Confronting the threat of an aging workforce},
  author={DeLong, David W},
  year={2004},
  publisher={Oxford University Press}
}

@inproceedings{gourova2012enhancing,
  title={Enhancing knowledge creation and innovation in SMEs},
  author={Gourova, Elissaveta and Toteva, Kostadinka},
  booktitle={Embedded Computing (MECO), 2012 Mediterranean Conference on},
  pages={292--297},
  year={2012},
  organization={IEEE}
}

@article{lin2011people,
  title={Why people use social networking sites: An empirical study integrating network externalities and motivation theory},
  author={Lin, Kuan-Yu and Lu, Hsi-Peng},
  journal={Computers in Human Behavior},
  volume={27},
  number={3},
  pages={1152--1161},
  year={2011},
  publisher={Elsevier}
}

@article{von2012does,
  title={How does social software change knowledge management? Toward a strategic research agenda},
  author={Von Krogh, Georg},
  journal={The Journal of Strategic Information Systems},
  volume={21},
  number={2},
  pages={154--164},
  year={2012},
  publisher={Elsevier}
}